@book{jacob2010memory,
  title = {Memory systems: cache, DRAM, disk},
  author = {Jacob, Bruce and Ng, Spencer and Wang, David},
  year = {2010},
  publisher = {Morgan Kaufmann}
}

@book{patterson2011computer,
  title = {Computer architecture: a quantitative approach},
  author = {Patterson, David A},
  year = {2011},
  publisher = {Elsevier}
}

@inproceedings{aigner2013acdc,
  title = {ACDC: towards a universal mutator for benchmarking heap management systems},
  author = {Aigner, Martin and Kirsch, Christoph M},
  booktitle = {ACM SIGPLAN Notices},
  volume = {48},
  number = {11},
  pages = {75--84},
  year = {2013},
  organization = {ACM}
}

@article{smith1982cache,
  title = {Cache memories},
  author = {Smith, Alan Jay},
  journal = {ACM Computing Surveys (CSUR)},
  volume = {14},
  number = {3},
  pages = {473--530},
  year = {1982},
  publisher = {ACM}
}

@article{drepper2007every,
  title = {What every programmer should know about memory},
  author = {Drepper, Ulrich},
  journal = {Red Hat, Inc},
  volume = {11},
  pages = {2007},
  year = {2007}
}

@article{denning1968working,
  title = {The working set model for program behavior},
  author = {Denning, Peter J.},
  journal = {Communications of the ACM},
  volume = {11},
  number = {5},
  pages = {323--333},
  year = {1968},
  publisher = {ACM}
}

@article{belady1966study,
 author = {Belady, Laszlo A.},
 title = {A Study of Replacement Algorithms for a Virtual-storage Computer},
 journal = {IBM Syst. J.},
 issue_date = {June 1966},
 volume = {5},
 number = {2},
 month = jun,
 year = {1966},
 issn = {0018-8670},
 pages = {78--101},
 numpages = {24},
 url = {http://dx.doi.org/10.1147/sj.52.0078},
 doi = {10.1147/sj.52.0078},
 acmid = {1663376},
 publisher = {IBM Corp.},
 address = {Riverton, NJ, USA},
}

@inproceedings{rosen1988global,
  title = {Global value numbers and redundant computations},
  author = {Rosen, Barry K and Wegman, Mark N and Zadeck, F Kenneth},
  booktitle = {Proceedings of the 15th ACM SIGPLAN-SIGACT symposium on Principles of programming languages},
  pages = {12--27},
  year = {1988},
  organization = {ACM}
}

@inproceedings{alpern1988detecting,
  title = {Detecting equality of variables in programs},
  author = {Alpern, Bowen and Wegman, Mark N and Zadeck, F Kenneth},
  booktitle = {Proceedings of the 15th ACM SIGPLAN-SIGACT symposium on Principles of programming languages},
  pages = {1--11},
  year = {1988},
  organization = {ACM}
}

@article{henning2006spec,
  title = {SPEC CPU2006 benchmark descriptions},
  author = {Henning, John L},
  journal = {ACM SIGARCH Computer Architecture News},
  volume = {34},
  number = {4},
  pages = {1--17},
  year = {2006},
  publisher = {ACM}
}

@inproceedings{Valgrind,
 author = {Nethercote, Nicholas and Seward, Julian},
 title = {Valgrind: A Framework for Heavyweight Dynamic Binary Instrumentation},
 booktitle = {Proceedings of the 28th ACM SIGPLAN Conference on Programming Language Design and Implementation},
 series = {PLDI '07},
 year = {2007},
 isbn = {978-1-59593-633-2},
 location = {San Diego, California, USA},
 pages = {89--100},
 numpages = {12},
 url = {http://doi.acm.org/10.1145/1250734.1250746},
 doi = {10.1145/1250734.1250746},
 acmid = {1250746},
 publisher = {ACM},
 address = {New York, NY, USA},
 keywords = {Memcheck, Valgrind, dynamic binary analysis, dynamic binary instrumentation, shadow values},
}

@misc{v8benchmarks,
  title = {Octane: The Benchmark},
  author = {The V8 Project},
  year = {2016},
  month = dec,
  day = 27,
  howpublished = {\url{https://developers.google.com/octane/benchmark}},
  note = {Accessed: September 20, 2017}
}

@misc{skylake,
  title = {Intel Skylake},
  author = {7 CPU},
  year = {2015},
  month = aug,
  day = 5,
  howpublished = {\url{http://www.7-cpu.com/cpu/Skylake.html}},
  note = {Accessed: December 21, 2017}
}
@book{zienkiewicz1977finite,
  title = {The finite element method},
  author = {Zienkiewicz, Olgierd Cecil and Taylor, Robert Leroy and Zienkiewicz, Olgierd Cecil and Taylor, Robert Lee},
  volume = {3},
  year = {1977},
  publisher = {McGraw-hill London}
}

@inproceedings{johnson1994x3,
  title = {X3: A low overhead high performance buffer management replacement algorithm},
  author = {Johnson, Theodore and Shasha, Dennis},
  booktitle = {Proceedings of the 20th VLDB Conference},
  year = {1994}
}

@article{van2007short,
  title = {A short proof of optimality for the MIN cache replacement algorithm},
  author = {Van Roy, Benjamin},
  journal = {Information processing letters},
  volume = {102},
  number = {2-3},
  pages = {72--73},
  year = {2007},
  publisher = {Elsevier}
}

@article{lee2016simple,
  title = {A simple proof of optimality for the MIN cache replacement policy},
  author = {Lee, Mun-Kyu and Michaud, Pierre and Sim, Jeong Seop and Nyang, DaeHun},
  journal = {Information Processing Letters},
  volume = {116},
  number = {2},
  pages = {168--170},
  year = {2016},
  publisher = {Elsevier}
}

@article{vogler2008another,
  title = {Another short proof of optimality for the MIN cache replacement algorithm},
  author = {Vogler, Walter},
  journal = {Information Processing Letters},
  volume = {106},
  number = {5},
  pages = {219--220},
  year = {2008},
  publisher = {Elsevier}
}

@article{mattson1970evaluation,
  title = {Evaluation techniques for storage hierarchies},
  author = {Mattson, Richard L. and Gecsei, Jan and Slutz, Donald R. and Traiger, Irving L.},
  journal = {IBM Systems journal},
  volume = {9},
  number = {2},
  pages = {78--117},
  year = {1970},
  publisher = {IBM}
}